2825 4309
174 294 237 359 284
476 311 582 357 rmsr
604 310 712 357 srnrs
734 310 776 357 ru
797 309 920 357 nnrm.

173 488 210 543 he
232 504 289 543 can
311 486 437 542 become
458 485 550 559 good.
594 485 624 539 4.
648 484 715 541 The
736 483 849 541 soldier
869 483 940 541 sells
961 484 1009 539 his
1027 487 1157 558 country
1177 484 1226 539 ior

172 583 256 659 gold.
301 584 330 639 5.
354 583 419 641 The
435 581 548 639 soldier
562 581 667 639 values
681 598 793 657 money
808 580 923 657 highly.
968 582 996 636 6.
1021 573 1158 638 He'sold
1176 579 1225 637 his

173 698 245 738 corn
263 686 295 738 at
310 699 328 737 a
342 680 404 737 less
419 680 512 754 price.
559 681 587 736 7.
611 678 717 738 Caesar
731 680 856 736 became
871 677 988 735 consul.

482 809 591 849 Nonis
617 809 666 849 AN
667 810 691 848 D
718 808 913 860 Quusrlons.

215 894 236 942 1.
255 894 394 943 Predicate
406 894 560 957 adjectiver
608 894 633 942 2.
651 893 720 942 Rule
732 892 776 942 for
788 892 950 943 consistent
998 890 1022 939 3.
1040 891 1127 940 Rulet

213 971 238 1020 4.
257 970 329 1033 Why
341 970 511 1032 subjunctive
521 973 531 1016 t

215 1045 282 1095 How
294 1062 355 1109 may
370 1046 439 1109 price
451 1046 484 1095 bs
496 1045 657 1107 expressedt
694 1044 782 1094 When
794 1044 816 1094 is
829 1044 874 1093 the
886 1044 1002 1093 ablative
1015 1044 1099 1093 used?
1136 1043 1226 1092 When

173 1124 218 1172 the
235 1124 369 1184 genitivei

550 1235 843 1302 steht-Beudena.

338 1340 471 1397 ousan’s
491 1356 633 1396 nurnine
654 1356 687 1395 ru
708 1315 835 1395 surram
857 1336 1060 1415 (continued).

218 1455 308 1529 Quod
336 1455 387 1511 ribi
416 1452 530 1512 Caesar
555 1453 782 1522 enimadvertit,
809 1448 918 1579 neve)s¹
943 1452 1052 1528 longes
1082 1452 1226 1529 (querum

213 1534 311 1574 audthls
332 1533 398 1572 when
829 1533 885 1580 (acc.

173 1601 205 1653 et
227 1595 343 1669 species
365 1593 432 1650 erat
452 1589 607 1650 barberis⁹
628 1592 813 1661 inesitetior,
831 1596 863 1649 et
883 1596 984 1648 metus
1001 1591 1041 1649 ad
1062 1597 1150 1648 esum
1172 1610 1226 1649 ex·

215 1683 353 1723 appearance
677 1671 774 1710 unusual
893 1670 978 1709 motion
1066 1671 1150 1710 service

173 1734 319 1808 peditior)
345 1732 467 1806 paulum
490 1730 639 1790 remeveri
664 1732 703 1788 ab
729 1731 876 1788 onereriis
902 1731 1041 1802 nivibus,
1064 1737 1095 1789 et
1118 1730 1229 1789 remis⁸

522 1820 610 1849 remove
738 1808 764 1848 oi
775 1808 862 1850 burden
1144 1820 1185 1850 oar

174 1873 304 1942 inciteri,
321 1877 352 1929 et
370 1872 410 1929 ad
430 1871 512 1928 litus
531 1872 671 1946 dpertum
693 1872 828 1930 hostium
850 1867 1019 1942 constitui‚1
1041 1876 1133 1943 atque
1155 1872 1227 1929 inde

190 1951 288 2001 puahkon
445 1950 494 1989 alde
570 1960 628 2000 open
1146 1950 1228 1990 thence

173 2013 288 2082 fundis,
306 2011 438 2086 segites
456 2013 614 2067 tormentis
634 2009 739 2067 hostes
759 2007 947 2068 submdveri¹
961 2010 1063 2083 jussit.
1107 2012 1226 2085 Atque,

198 2091 257 2139 sllng
500 2089 580 2137 englne
656 2089 723 2137 (acc.)
817 2089 896 2129 driven
978 2089 1044 2128 order

174 2155 286 2208 nestris
308 2150 453 2207 mssitibus
479 2148 706 2267 cunctialntibnS,
733 2150 863 2266 melsilme
886 2154 1012 2223 propter
1033 2150 1227 2209 altitudinem

573 2238 623 2278 any
760 2238 771 2266 c
796 2238 808 2266 e
825 2238 840 2278 y
1092 2229 1161 2279 depth

173 2288 277 2357 merie,
298 2287 356 2365 (is)
375 2291 428 2360 qui
441 2287 576 2404 decimae
590 2287 721 2362 legieuis
737 2287 871 2360 equilum
887 2288 1018 2358 ferebat,
1034 2294 1228 2347 contestetus

479 2368 527 2405 tent
1079 2378 1094 2406 a
1139 2368 1194 2408 al-to

173 2428 248 2485 dees
264 2432 298 2483 ut
317 2444 353 2483 en
367 2430 416 2482 res
433 2425 546 2501 legieni
567 2426 696 2484 feliciter
719 2425 873 2484 eveniret:
899 2432 920 2461 “
932 2378 1226 2502 Destrinj’piirquit,

579 2504 672 2554 happily
737 2509 838 2544 turn-out

175 2565 330 2634 “milites,
352 2565 412 2621 nisi
433 2563 542 2622 vultis⁴
557 2565 690 2638 equilum
712 2566 852 2623 hostibus
873 2566 1011 2641 predere.
1055 2568 1125 2643 Ego
1143 2573 1228 2626 certe

888 2645 991 2685 abendon
1138 2647 1229 2687 atleaut

884 2783 926 2823 dut
1067 2784 1125 2824 fnlfll

174 2844 243 2900 Hec
257 2860 325 2900 cum
340 2847 452 2916 megne
466 2847 540 2899 vece
559 2842 700 2913 dixisset,
719 2848 752 2900 se
773 2862 811 2900 ex
834 2848 906 2901 nevi
926 2795 1064 2919 lynejeoit,
1083 2852 1175 2918 atque
1195 2846 1228 2902 in

173 2943 278 2998 hostes
292 2938 426 3013 equilam
442 2941 522 2996 ferre
538 2941 648 3014 eoepit.
694 2942 774 2999 Tum
793 2947 900 3013 nestri,
918 2944 1069 3001 cehorteti
1086 2944 1167 3001 inter
1181 2948 1225 3013 se,

952 3021 1033 3062 exhort

174 3084 211 3137 ne
233 3085 353 3137 tanturn
374 3079 506 3136 dedecus
529 3079 751 3151 admitteretur,
778 3082 912 3139 universi
936 3100 976 3139 ex
1001 3086 1073 3139 nevi
1096 3082 1227 3139 desilue-

411 3158 488 3196 shsme
601 3158 683 3207 permit
786 3158 911 3199 ellat-once

172 3224 254 3276 runt.
309 3220 376 3276 Hes
397 3220 471 3276 item
492 3237 532 3275 ex
554 3221 702 3294 proximis
728 3223 859 3280 neribus
884 3240 952 3281 cum
977 3223 1226 3297 conspexissent,

411 3298 458 3336 also
584 3303 673 3338 nearest
1007 3300 1195 3351 caught-signant

173 3357 329 3415 subsecuti
350 3354 505 3415 hostibus²
526 3360 820 3435 apprepinquerunt.

172 3436 319 3476 follow-close
609 3438 723 3488 approach

487 3556 595 3597 NOTES
621 3557 694 3597 Ann
721 3559 916 3610 QUESTIONS·

215 3640 245 3694 1.Δ
255 3639 312 3687 The
324 3639 504 3687 construction
516 3640 538 3688 is
557 3641 648 3703 jussit
664 3644 760 3692 nives
773 3642 932 3701 remeved,
944 3651 994 3694 etc.

214 3715 238 3760 2.
257 3713 330 3774 Why
341 3714 449 3762 dative?
518 3713 540 3761 3.
560 3714 632 3778 Why
644 3715 781 3765 ablative‘l
851 3718 874 3766 4.
893 3718 941 3767 See
953 3720 1033 3772 velo.

215 3789 272 3837 The
285 3789 468 3850 subjunctives
481 3804 530 3837 can
542 3790 576 3838 be
588 3792 698 3840 omitted
711 3792 779 3840 until
792 3794 837 3842 the
848 3795 951 3845 review.
